<?xml version="1.0" encoding="UTF-8"?><collection xmlns="http://www.loc.gov/MARC21/slim"><record><leader>00386nam--2200121-i-4500</leader><controlfield tag="001">000026774</controlfield><controlfield tag="002">20161230</controlfield><controlfield tag="005">20161230201036</controlfield><controlfield tag="008">060222s1000------------r-----000-0-eng-d</controlfield><datafield ind1=" " ind2=" " tag="100"><subfield code="a">Kleinheins, Peter</subfield></datafield><datafield ind1=" " ind2=" " tag="245"><subfield code="a">Intensitatsmessungen im 180 -beta-spektofraphen durch auszahlen der elektronenspuren in kernspurplatten</subfield></datafield><datafield ind1=" " ind2=" " tag="260"><subfield code="a">Stuttgart, Technischen Hoschschule, 1956, 35p</subfield></datafield><datafield ind1=" " ind2=" " tag="852"><subfield code="a">5771</subfield></datafield></record></collection>